0120240416AUTOGIRO                                            0069240009925256  
82202404220    000000000020790200000008000000099252560040106553200145           
82202404260    000000000021458700000004000000099252560040107191200141           
82202404220    000000000012095900000007500000099252560040106552200146           