0120160714AUTOGIRO9900MAK/ÄNDRINGSLISTA                       4711170009912346  
25201607190000000000002102820000000100000000000000000000000000000000000012      
0320160719000000000000210382000000015000REFERENS00000000044554545       12      
09201607149900              0000000000000000000000020000000000025000000000000000

