0120160725AUTOGIRO9900FELLISTA REG.KONTRL                     4711170009912346  
82201607260   0000000000000101000000050000                01                                       
82201607250   0000000000000102000000020000                03                                       
82201607250   0000000000000103000000010000                02                                       
82201607250   0000000000000104000000015000                07
32201607250   0000000000000105000000013000                01                                       
09201607259900000001000000013000000004000000095000                                                                 


