0120160725AUTOGIRO9900                                        4711170009912346  
82201607251004 00000000000344510000000750000009912346FAKT 12345678             1		                           
82201607250    00000000044450620000000250000009912346FAKT 34567899
82201607250    00000000003337850000000025000000553257FAKT 78523219		
82201607250    000000005555111200000000150000055551112    55551112	 
82201607250    00000000011122120000000355000007788521FAKT 54167893             2
82201607250007 00000000022211210000000042000000151872FAKT 23587219             9 
32201607250    00000000055507310000001250000009912346FAKT 78787878    
32201607250    000000005555111200000005000000055551112    55551112
32201607250099 00000000231518170000000350000009912346FAKT 53182215             1
32201607250    00000000354189100000000025000009912346FAKT 45178951             2
32201607250003 00000000158715170000000025000009912346FAKT 95175385             9     
09201607259900              0000002150000000050000060000000000143700000000000000                                                   
