0120160714AUTOGIRO9900BEVAKNINGSREG                           4711170009912346  
82201608310    0000000000001011000000120000          FAKTURANR122               
82201608311006 0000000000000102000000550555          FAKTURANR120               
82201608312002 0000000000000103000000077500          FAKTURANR110               
82201607220    0000000000000104000000005000          RIDLEKTION  	        
82201608313006 0000000000000105000000010000          FAKTURANR111         	
32201608310    0000000007771014000000125500          ÅTERBET                    
32201608310    0000000005551004000000060000          ÅTERBET                    
32201608310    0000000000000106000000037550          ÅTERBET                    
32201608010    0000000003331022000000003500                                     
32201608010    0000000000000107000000005075                                     
09201607149900              0000002316250000050000050000000000763055000000000000


