01AUTOGIRO              20160725            AG-MEDAVI           4711170009912346
73000991234600000000000001035001000001000020196803050000     043220160725
73000991234600000000022221010000000000000000000000000000     033320160725
73000991234600000000000001030000000000000000000000000000     033320160725
73000991234600000000022221010000000000000000995556000521     460220160725
73000991234600000000000001028901003232323232005556000521     430720160725
73000991234600000000033310226001000123456780195512010000     043220160725 
73000991234600000000000001013300001212121212191212121212     423220160725
73000991234600000000000001048901003232323232005556000521     053220160725
73000991234600000000000001058901003232323232005556000521     053320160725 
092008061199000000009


 








	












     




    	




                 








































  




